@book{dirac,
    title = {The Principles of Quantum Mechanics},
    author = {Paul Adrien Maurice Dirac},
    isbn = {9780198520115},
    series = {International series of monographs on physics},
    year = {1981},
    publisher = {Clarendon Press},
    keywords = {physics}
}

@online{taller,
    author = "Augusto Salazar",
    title = "Taller - Nociones de la memoria del computador",
    url  = "https://classroom.google.com/u/1/c/MTQ0MDA0NjgzNzk4/a/MTQ0MTQxNTk0MTkw/details",
    addendum = "(accessed: 02.09.2020)",
    keywords = "latex"
}

@inbook{knuth-fa,
    author = "Donald E. Knuth",
    title = "Fundamental Algorithms",
    publisher = "Addison-Wesley",
    year = "1973",
    chapter = "1.2",
    keywords  = "knuth,programming"
}

@online{disco,
    title = "Unidad de disco duro",
    url  = "https://es.wikipedia.org/wiki/Unidad_de_disco_duro",
    addendum = "(accessed: 10.08.2020)",
    keywords = "Memorias"
} .
