@online{taller,
    author = "Augusto Salazar",
    title = "Taller - Nociones de la memoria del computador",
    url  = "https://classroom.google.com/u/1/c/MTQ0MDA0NjgzNzk4/a/MTQ0MTQxNTk0MTkw/details",
    addendum = "(accessed: 02.09.2020)",
    keywords = "latex"
}



@online{disco,
    title = "Unidad de disco duro",
    url  = "https://es.wikipedia.org/wiki/Unidad_de_disco_duro",
    addendum = "(accessed: 10.08.2020)",
    keywords = "Memorias"
}